@online{protobuf-overview,
    author = {Google LLC},
    title = {Overview | Protocol Buffers Documentation},
    howpublished = "online",
    url = "https://protobuf.dev/overview/",
    urldate = {2024-03-11}
}

@online{protobuf-proto3,
    author = {Google LLC},
    title = {Language Guide (proto 3)},
    howpublished = "online",
    url = "https://protobuf.dev/programming-guides/proto3/",
    urldate = {2024-03-11}
}

@online{grpc-protocol-http2,
    author = {Google LLC},
    title = {gRPC over HTTP2},
    howpublished = "online",
    url = "https://github.com/grpc/grpc/blob/master/doc/PROTOCOL-HTTP2.md",
    urldate = {2024-03-16}
}

@online{grpc-protocol-web,
    author = {Google LLC},
    title = {gRPC Web},
    howpublished = "online",
    url = "https://github.com/grpc/grpc/blob/master/doc/PROTOCOL-WEB.md",
    urldate = {2024-03-16}
}

@online{grpc-web,
    author = {Google LLC},
    title = {gRPC for Web Clients},
    howpublished = "online",
    url = "https://github.com/grpc/grpc-web",
    urldate = {2024-03-16}
}

@online{grpc-web-streaming-roadmap,
    author = {Google LLC},
    title = {Streaming Roadmap},
    howpublished = "online",
    url = "https://github.com/grpc/grpc-web/blob/master/doc/streaming-roadmap.md",
    urldate = {2024-03-16}
}

@online{grpc-core-concept,
    author = {Google LLC},
    title = {Core concepts, architecture and lifecycle},
    howpublished = "online",
    url = "https://grpc.io/docs/what-is-grpc/core-concepts/",
    urldate = {2024-03-11}
}

@online{grpc-reflection,
    author = {Google LLC},
    title = {Reflection},
    howpublished = "online",
    url = "https://grpc.io/docs/guides/reflection/",
    urldate = {2024-03-11}
}